@article{tabari2020climate,
    author={Tabari, Hossein},
    title={Climate change impact on flood and extreme precipitation increases with water availability},
    journal={Scientific Reports},
    year={2020},
    volume={10},
    number={1},
    pages={13768},
    abstract={The hydrological cycle is expected to intensify with global warming, which likely increases the intensity of extreme precipitation events and the risk of flooding. The changes, however, often differ from the theorized expectation of increases in water{\^a}??holding capacity of the atmosphere in the warmer conditions, especially when water availability is limited. Here, the relationships of changes in extreme precipitation and flood intensities for the end of the twenty-first century with spatial and seasonal water availability are quantified. Results show an intensification of extreme precipitation and flood events over all climate regions which increases as water availability increases from wet to dry regions. Similarly, there is an increase in the intensification of extreme precipitation and flood with the seasonal cycle of water availability. The connection between extreme precipitation and flood intensity changes and spatial and seasonal water availability becomes stronger as events become less extreme.},
    issn={2045-2322},
    doi={10.1038/s41598-020-70816-2},
    url={https://doi.org/10.1038/s41598-020-70816-2}
}

@article{milly2002increasing,
    title={Increasing risk of great floods in a changing climate},
    author={Milly, P Christopher D and Wetherald, Richard T and Dunne, KA and Delworth, Thomas L},
    journal={Nature},
    volume={415},
    number={6871},
    pages={514--517},
    year={2002},
    publisher={Nature Publishing Group}
}

@article{wing2018estimates,
    title={Estimates of present and future flood risk in the conterminous United States},
    author={Wing, Oliver EJ and Bates, Paul D and Smith, Andrew M and Sampson, Christopher C and Johnson, Kris A and Fargione, Joseph and Morefield, Philip},
    journal={Environmental Research Letters},
    volume={13},
    number={3},
    pages={034023},
    year={2018},
    publisher={IOP Publishing}
}

@article{slater2016recent,
    title={Recent trends in US flood risk},
    author={Slater, Louise J and Villarini, Gabriele},
    journal={Geophysical Research Letters},
    volume={43},
    number={24},
    pages={12--428},
    year={2016},
    publisher={Wiley Online Library}
}

@article{mcenery2005noaa,
    title={NOAA's advanced hydrologic prediction service: building pathways for better science in water forecasting},
    author={McEnery, John and Ingram, John and Duan, Qingyun and Adams, Thomas and Anderson, Lee},
    journal={Bulletin of the American Meteorological Society},
    volume={86},
    number={3},
    pages={375--386},
    year={2005},
    publisher={American Meteorological Society}
}

@article{zhang2003hydrologic,
    title={Hydrologic model calibration in the National Weather Service},
    author={Zhang, Ziya},
    journal={Calibration of watershed models},
    pages={133},
    year={2003},
    publisher={Wiley Online Library}
}

@article{hogue2003multi,
    title={A multi-step automatic calibration scheme for watershed models},
    author={Hogue, Terri S and Gupta, Hoshin V and Sorooshian, Soroosh and Tomkins, Claire D},
    journal={Calibration of Watershed Models},
    volume={6},
    pages={165--174},
    year={2003},
    publisher={Wiley Online Library}
}

@article{duan2003global,
    title={Global optimization for watershed model calibration},
    author={Duan, Qingyun},
    journal={Calibration of watershed models},
    volume={6},
    pages={89--104},
    year={2003},
    publisher={Wiley Online Library}
}

@article{gupta2003advances,
    title={Advances in automatic calibration of watershed models},
    author={Gupta, Hoshin V and Sorooshian, Soroosh and Hogue, Terri S and Boyle, Douglas P},
    journal={Calibration of watershed models},
    volume={6},
    pages={9--28},
    year={2003},
    publisher={Wiley Online Library}
}

@article{parada2003multi,
    title={Multi-resolution calibration methodology for hydrologic models: application to a sub-humid catchment},
    author={Parada, Laura M and Fram, Jonathan P and Liang, Xu},
    journal={Calibration of Watershed Models},
    volume={6},
    pages={197--212},
    year={2003},
    publisher={Wiley Online Library}
}

@article{koren2004hydrology,
    title={Hydrology laboratory research modeling system (HL-RMS) of the US national weather service},
    author={Koren, Victor and Reed, Seann and Smith, Michael and Zhang, Ziya and Seo, Dong-Jun},
    journal={Journal of Hydrology},
    volume={291},
    number={3-4},
    pages={297--318},
    year={2004},
    publisher={Elsevier}
}

@article{reed2004overall,
    title={Overall distributed model intercomparison project results},
    author={Reed, Seann and Koren, Victor and Smith, Michael and Zhang, Ziya and Moreda, Fekadu and Seo, Dong-Jun and Participants, DMIP},
    journal={Journal of Hydrology},
    volume={298},
    number={1-4},
    pages={27--60},
    year={2004},
    publisher={Elsevier}
}

@inproceedings{duan2002results,
    title={Results from the Second International Workshop on Model Parameter Estimation Experiment (MOPEX)},
    author={Duan, Qingyun and Schaake, John},
    booktitle={Paper Presentation, Second Federal Interagency Hydrologic Modeling Conf},
    year={2002}
}

@article{day1985extended,
    title={Extended streamflow forecasting using NWSRFS},
    author={Day, Gerald N},
    journal={Journal of Water Resources Planning and Management},
    volume={111},
    number={2},
    pages={157--170},
    year={1985},
    publisher={American Society of Civil Engineers}
}

@inproceedings{herr2002simplified,
    title={Simplified short term precipitation ensemble forecasts: Theory},
    author={Herr, Hank and Welles, Edwin and Mullusky, Mary and Wu, Limin and Schaake, John},
    booktitle={Preprints, 16th Conf. on Hydrology, Orlando, FL, Amer. Meteor. Soc., J1--J16},
    year={2002},
    organization={Citeseer}
}

@inproceedings{mullusky2002simplified,
    title={Simplified short term precipitation ensemble forecasts: Application},
    author={Mullusky, M and Wu, L and Herr, H and Welles, E and Schaake, J and Ostrowski, J and Pryor, N},
    booktitle={Preprints, 16th Conf. on Hydrology, Orlando, FL, Amer. Meteor. Soc., JP1},
    volume={19},
    year={2002}
}

@inproceedings{cajina2002fldview,
    title={FLDVIEW: The NWS flood forecast mapping application},
    author={Cajina, Neftali and Sylvestre, Janice and Henderson, Edward and Logan, Michael and Richardson, Michael},
    booktitle={Proc. of the Interactive Symp. on the Advanced Weather Interactive Processing System (AWIPS)},
    pages={170--172},
    year={2002}
}

@article{fread1973technique,
    title={Technique for implicit dynamic routing in rivers with tributaries},
    author={Fread, Danny L},
    journal={Water Resources Research},
    volume={9},
    number={4},
    pages={918--926},
    year={1973},
    publisher={Wiley Online Library}
}

@inproceedings{bonnin1996noaa,
    title={The NOAA Hydrologic Data System},
    author={Bonnin, G},
    booktitle={Preprints, 12th Int. Conf. on Interactive Information and Processing System (IIPS) for Meteorology, Oceanography, and Hydrology, Atlanta, GA, Amer. Meteor. Soc},
    pages={410--413},
    year={1996}
}

@article{gochis2018wrf,
    title={The WRF-Hydro modeling system technical description,(Version 5.0)},
    author={Gochis, DJ and Barlage, Michael and Dugger, A and FitzGerald, K and Karsten, L and McAllister, M and McCreight, J and Mills, J and RafieeiNasab, A and Read, L and others},
    journal={NCAR Technical Note},
    volume={107},
    year={2018}
}

@article{cosgrove2019evolution,
    title={The Evolution of NOAA's National Water Model: An Overview of Version 2.1 and Future Operational Plans},
    author={Cosgrove, Brian and Gochis, David and Graziano, Thomas Martin and Clark, Edward P and Flowers, Trey},
    journal={AGUFM},
    volume={2019},
    pages={H51D--01},
    year={2019}
}

@misc{mckay2012nhdplus,
    title={NHDPlus Version 2: User Guide; National Operational Hydrologic Remote Sensing Center: Washington, DC, 2012},
    author={McKay, L and Bondelid, T and Dewald, T and Johnston, J and Moore, R and Rea, A},
    year={2012}
}

@article{ponce1994variable,
    title={Variable-parameter Muskingum-Cunge method revisited},
    author={Ponce, Victor M and Changanti, PV},
    journal={Journal of Hydrology},
    volume={162},
    number={3-4},
    pages={433--439},
    year={1994},
    publisher={Elsevier}
}

@book{bedient2008hydrology,
    title={Hydrology and floodplain analysis},
    author={Bedient, Philip B and Huber, Wayne Charles and Vieux, Baxter E and others},
    year={2008},
    publisher={Prentice Hall Upper Saddle River, NJ}
}

@article{cunge1969subject,
    title={On the subject of a flood propagation computation method (Musklngum method)},
    author={Cunge, JA},
    journal={Journal of Hydraulic Research},
    volume={7},
    number={2},
    pages={205--230},
    year={1969},
    publisher={Taylor \& Francis Group}
}

@article{seo2002real,
    title={Real-time correction of spatially nonuniform bias in radar rainfall data using rain gauge measurements},
    author={Seo, Dong-Jun and Breidenbach, JP},
    journal={Journal of Hydrometeorology},
    volume={3},
    number={2},
    pages={93--111},
    year={2002}
}

@article{kondragunta2001outlier,
    title={An outlier detection technique to quality control rain gauge measurements},
    author={Kondragunta, CR},
    journal={AGUSM},
    volume={2001},
    pages={H22A--07},
    year={2001}
}

@inproceedings{breidenbach1999accounting,
    title={Accounting for radar beam blockage patterns in radar-derived precipitation mosaics for River Forecast Centers},
    author={Breidenbach, JP and Seo, DJ and Tilles, P and Roy, K},
    booktitle={Preprints, 15th Int. Conf. on Interactive Information and Processing Systems (IIPS) for Meteorology, Oceanography, and Hydrology, Dallas, TX, Amer. Meteor. Soc},
    volume={5},
    year={1999}
}


@article{seo2000simulation,
    title={Simulation of precipitation fields from probabilistic quantitative precipitation forecast},
    author={Seo, D-J and Perica, S and Welles, E and Schaake, JC},
    journal={Journal of Hydrology},
    volume={239},
    number={1-4},
    pages={203--229},
    year={2000},
    publisher={Elsevier}
}


@article{gerapetritis2004behavior,
    title={On the behavior of the critical success index},
    author={Gerapetritis, Harry and Pelissier, Joseph M},
    year={2004}
}

@article{schaefer1990critical,
    title={The critical success index as an indicator of warning skill},
    author={Schaefer, Joseph T},
    journal={Weather and forecasting},
    volume={5},
    number={4},
    pages={570--575},
    year={1990}
}

@misc{us_department_of_commerce_2020, 
    title={NWS Preliminary US Flood Fatality Statistics}, 
    url={https://www.weather.gov/arx/usflood}, 
    journal={{National Weather Service}}, 
    publisher={NOAA's National Weather Service}, 
    author={{National Weather Service}}, 
    year={2020}, 
    month={Nov}
}

@misc{national_weather_service_2020, 
    title={Summary of Natural Hazard Statistics for 2019 in the United States}, 
    url={https://www.weather.gov/media/hazstat/sum19.pdf}, 
    journal={Weather.gov}, 
    publisher={NOAA}, 
    author={{National Weather Service}}, 
    year={2020}, 
    month={Jun}
}

@misc{national_weather_service_2019, 
    title={Summary of Natural Hazard Statistics for 2018 in the United States}, 
    url={https://www.weather.gov/media/hazstat/sum19.pdf}, 
    journal={Weather.gov}, 
    publisher={NOAA}, 
    author={{National Weather Service}}, 
    year={2019}, 
    month={Apr}
}

@misc{national_weather_service_2018, 
    title={Summary of Natural Hazard Statistics for 2017 in the United States}, 
    url={https://www.weather.gov/media/hazstat/sum17.pdf}, 
    journal={Weather.gov}, 
    publisher={NOAA}, 
    author={{National Weather Service}}, 
    year={2018}, 
month={Apr}
}

@article{mallakpour2015changing,
    title={The changing nature of flooding across the central United States},
    author={Mallakpour, Iman and Villarini, Gabriele},
    journal={Nature Climate Change},
    volume={5},
    number={3},
    pages={250--254},
    year={2015},
    publisher={Nature Publishing Group}
}

@article{downton2005reanalysis,
    title={Reanalysis of US National Weather Service flood loss database},
    author={Downton, Mary W and Miller, J Zoe Barnard and Pielke Jr, Roger A},
    journal={Natural Hazards Review},
    volume={6},
    number={1},
    pages={13--22},
    year={2005},
    publisher={American Society of Civil Engineers}
}

@article{kunkel1999temporal,
    title={Temporal fluctuations in weather and climate extremes that cause economic and human health impacts: A review},
    author={Kunkel, Kenneth E and Pielke Jr, Roger A and Changnon, Stanley A},
    journal={Bulletin of the American Meteorological Society},
    volume={80},
    number={6},
    pages={1077--1098},
    year={1999},
    publisher={American Meteorological Society}
}

@article{pielke2000precipitation,
    title={Precipitation and damaging floods: Trends in the United States, 1932--97},
    author={Pielke Jr, Roger A and Downton, Mary W},
    journal={Journal of climate},
    volume={13},
    number={20},
    pages={3625--3637},
    year={2000}
}

@article{corringham2019effect,
    title={The effect of El Ni{\~n}o on flood damages in the western United States},
    author={Corringham, Thomas W and Cayan, Daniel R},
    journal={Weather, Climate, and Society},
    volume={11},
    number={3},
    pages={489--504},
    year={2019}
}

@article{blodgett2020mainstems,
    title={Mainstems: A logical data model implementing mainstem and drainage basin feature types based on WaterML2 Part 3: HY\_Features concepts.},
    author={Blodgett, David and Johnson, J Michael and Sondheim, Mark and Wieczorek, Michael and Frazier, Nels},
    journal={Environmental Modelling \& Software},
    pages={104927},
    year={2020},
    publisher={Elsevier}
}

@article{maidment2017conceptual,
    author = {Maidment, David R.},
    title = {Conceptual Framework for the National Flood Interoperability Experiment},
    journal = {JAWRA Journal of the American Water Resources Association},
    volume = {53},
    number = {2},
    pages = {245-257},
    keywords = {flooding, surface water hydrology, data management, geospatial analysis, simulation, decision support system, National Hydrography Dataset (NHD), NHDPlus},
    doi = {10.1111/1752-1688.12474},
    url = {https://onlinelibrary.wiley.com/doi/abs/10.1111/1752-1688.12474},
    eprint = {https://onlinelibrary.wiley.com/doi/pdf/10.1111/1752-1688.12474},
    year = {2017}
}

@article{nobre2011height,
    title = "Height Above the Nearest Drainage – a hydrologically relevant new terrain model",
    journal = "Journal of Hydrology",
    volume = "404",
    number = "1",
    pages = "13 - 29",
    year = "2011",
    issn = "0022-1694",
    doi = "https://doi.org/10.1016/j.jhydrol.2011.03.051",
    url = "http://www.sciencedirect.com/science/article/pii/S0022169411002599",
    author = "A.D. Nobre and L.A. Cuartas and M. Hodnett and C.D. Rennó and G. Rodrigues and A. Silveira and M. Waterloo and S. Saleska",
}

@article{garousi2019terrain,
    title={Terrain analysis enhancements to the height above nearest drainage flood inundation mapping method},
    author={Garousi-Nejad, Irene and Tarboton, David G and Aboutalebi, Mahyar and Torres-Rua, Alfonso F},
    journal={Water Resources Research},
    volume={55},
    number={10},
    pages={7983--8009},
    year={2019},
    publisher={Wiley Online Library}
}

@article{zheng2018river,
    title={River channel geometry and rating curve estimation using height above the nearest drainage},
    author={Zheng, Xing and Tarboton, David G and Maidment, David R and Liu, Yan Y and Passalacqua, Paola},
    journal={JAWRA Journal of the American Water Resources Association},
    volume={54},
    number={4},
    pages={785--806},
    year={2018},
    publisher={Wiley Online Library}
}

@article{liu2016cybergis,
    title={A CyberGIS approach to generating high-resolution height above nearest drainage (HAND) raster for national flood mapping},
    author={Liu, Yan Y and Maidment, David R and Tarboton, David G and Zheng, Xing and Yildirim, Ahmet and Sazib, Nazmus S and Wang, Shaowen},
    year={2016}
}

@article{johnson2019integrated,
    title={An integrated evaluation of the National Water Model (NWM)--Height Above Nearest Drainage (HAND) flood mapping methodology},
    author={Johnson, J Michael and Munasinghe, Dinuke and Eyelade, Damilola and Cohen, Sagy},
    journal={Natural Hazards and Earth System Sciences},
    volume={19},
    number={11},
    pages={2405--2420},
    year={2019},
    publisher={Copernicus GmbH}
}

@article{godbout2019error,
    title={Error assessment for height above the nearest drainage inundation mapping},
    author={Godbout, Lukas and Zheng, Jeff Y and Dey, Sayan and Eyelade, Damilola and Maidment, David and Passalacqua, Paola},
    journal={JAWRA Journal of the American Water Resources Association},
    volume={55},
    number={4},
    pages={952--963},
    year={2019},
    publisher={Wiley Online Library}
}

@article{nobre2016hand,
    title={HAND contour: a new proxy predictor of inundation extent},
    author={Nobre, Antonio Donato and Cuartas, Luz Adriana and Momo, Marcos Rodrigo and Severo, Dirceu Lu{\'\i}s and Pinheiro, Adilson and Nobre, Carlos Afonso},
    journal={Hydrological Processes},
    volume={30},
    number={2},
    pages={320--333},
    year={2016},
    publisher={Wiley Online Library}
}

@article{afshari2018comparison,
    title={Comparison of new generation low-complexity flood inundation mapping tools with a hydrodynamic model},
    author={Afshari, Shahab and Tavakoly, Ahmad A and Rajib, Mohammad Adnan and Zheng, Xing and Follum, Michael L and Omranian, Ehsan and Fekete, Bal{\'a}zs M},
    journal={Journal of Hydrology},
    volume={556},
    pages={539--556},
    year={2018},
    publisher={Elsevier}
}

@article{zheng2018geoflood,
    title={GeoFlood: Large-Scale Flood Inundation Mapping Based on High-Resolution Terrain Analysis},
    author={Zheng, Xing and Maidment, David R and Tarboton, David G and Liu, Yan Y and Passalacqua, Paola},
    journal={Water Resources Research},
    volume={54},
    number={12},
    pages={10--013},
    year={2018},
    publisher={Wiley Online Library}
}

@article{teng2017flood,
    title={Flood inundation modelling: A review of methods, recent advances and uncertainty analysis},
    author={Teng, Jin and Jakeman, Anthony J and Vaze, Jai and Croke, Barry FW and Dutta, Dushmanta and Kim, S},
    journal={Environmental Modelling \& Software},
    volume={90},
    pages={201--216},
    year={2017},
    publisher={Elsevier}
}

@article{tarboton2005terrain,
    title={Terrain analysis using digital elevation models (TauDEM)},
    author={Tarboton, David G},
    journal={Utah State University, Logan},
    year={2005}
}

@incollection{warmerdam2008geospatial,
    title={The geospatial data abstraction library},
    author={Warmerdam, Frank},
    booktitle={Open source approaches in spatial data handling},
    pages={87--104},
    year={2008},
    publisher={Springer}
}

@article{yamazaki2019merit,
  title={MERIT Hydro: a high-resolution global hydrography map based on latest topography dataset},
  author={Yamazaki, Dai and Ikeshima, Daiki and Sosa, Jeison and Bates, Paul D and Allen, George H and Pavelsky, Tamlin M},
  journal={Water Resources Research},
  volume={55},
  number={6},
  pages={5053--5073},
  year={2019},
  publisher={Wiley Online Library}
}

@article{donchyts2016global,
    title={Global 30m height above the nearest drainage},
    author={Donchyts, Gennadii and Winsemius, Hessel and Schellekens, Jaap and Erickson, Tyler and Gao, Hongkai and Savenije, Hubert and van de Giesen, Nick},
    journal={HAND},
    volume={1000},
    number={0},
    year={2016}
}

@article{teng2015rapid,
    title={Rapid inundation modelling in large floodplains using LiDAR DEM},
    author={Teng, J and Vaze, J and Dutta, D and Marvanek, S},
    journal={Water Resources Management},
    volume={29},
    number={8},
    pages={2619--2636},
    year={2015},
    publisher={Springer}
}

@article{renno2008hand,
    title={HAND, a new terrain descriptor using SRTM-DEM: Mapping terra-firme rainforest environments in Amazonia},
    author={Renn{\'o}, Camilo Daleles and Nobre, Antonio Donato and Cuartas, Luz Adriana and Soares, Jo{\~a}o Vianei and Hodnett, Martin G and Tomasella, Javier},
    journal={Remote Sensing of Environment},
    volume={112},
    number={9},
    pages={3469--3481},
    year={2008},
    publisher={Elsevier}
}

@incollection{mcgehee2016modified,
    booktitle={National Water Center Innovators Program Summer Institute Report 2016},
    editor={Maidment, David R and Rajib, Adnan and Lin, Peirong and Clark, Edward P},
    journal={Research Summary},
    volume={4},
    year={2016},
    title={The Modified HAND Method},
    author={McGehee, Ryan and Li, Lingcheng and Poston, Emily}
}

@article{zhang2018comparative,
    title={Comparative analysis of inundation mapping approaches for the 2016 flood in the Brazos River, Texas},
    author={Zhang, Jiaqi and Huang, Yu-Fen and Munasinghe, Dinuke and Fang, Zheng and Tsang, Yin-Phan and Cohen, Sagy},
    journal={JAWRA Journal of the American Water Resources Association},
    volume={54},
    number={4},
    pages={820--833},
    year={2018},
    publisher={Wiley Online Library}
}

@techreport{liu2020height,
    title={Height Above Nearest Drainage (HAND) and Hydraulic Property Table for CONUS},
    author={Liu, Yan and Tarboton, David G and Maidment, David R},
    year={2020},
    institution={Oak Ridge National Lab.(ORNL), Oak Ridge, TN (United States). Oak Ridge~…}
}

@book{gauckler1867etudes,
    title={Etudes Th{\'e}oriques et Pratiques sur l'Ecoulement et le Mouvement des Eaux},
    author={Gauckler, Ph},
    year={1867},
    publisher={Gauthier-Villars}
}

@book{manning1890flow,
    title={On the flow of water in open channels and pipes},
    author={Manning, Robert and Griffith, John Purser and Pigot, TF and Vernon-Harcourt, Leveson Francis},
    year={1890}
}

@article{tuozzolo2019impact,
    title={The impact of reach averaging Manning’s equation for an in-situ dataset of water surface elevation, width, and slope},
    author={Tuozzolo, Stephen and Langhorst, Theodore and de Moraes Frasson, Renato Prata and Pavelsky, Tamlin and Durand, Michael and Schobelock, Jessica J},
    journal={Journal of Hydrology},
    volume={578},
    pages={123866},
    year={2019},
    publisher={Elsevier}
}

@book{djokic2019arc,
    place={Redlands, CA},
    edition={1},
    title={Arc Hydro: Developing HAND from NHDPlusHR and NWM data – Detailed Workflow},
    publisher={Environmental System Research Institute},
    author={Djokic, Dean},
    year={2019}
}

@article{hellweger1997agree,
    title={AGREE-DEM surface reconditioning system},
    author={Hellweger, Ferdi and Maidment, D},
    journal={University of Texas, Austin},
    year={1997}
}

@article{aristizabal2020high,
  title={High-Resolution Inundation Mapping for Heterogeneous Land Covers with Synthetic Aperture Radar and Terrain Data},
  author={Aristizabal, Fernando and Judge, Jasmeet and Monsivais-Huertero, Alejandro},
  journal={Remote Sensing},
  volume={12},
  number={6},
  pages={900},
  year={2020},
  publisher={Multidisciplinary Digital Publishing Institute}
}

@article{twele2016sentinel,
  title={Sentinel-1-based flood mapping: a fully automated processing chain},
  author={Twele, Andr{\'e} and Cao, Wenxi and Plank, Simon and Martinis, Sandro},
  journal={International Journal of Remote Sensing},
  volume={37},
  number={13},
  pages={2990--3004},
  year={2016},
  publisher={Taylor \& Francis}
}

@article{huang2017comparison,
  title={A comparison of terrain indices toward their ability in assisting surface water mapping from Sentinel-1 data},
  author={Huang, Chang and Nguyen, Ba Duy and Zhang, Shiqiang and Cao, Senmao and Wagner, Wolfgang},
  journal={ISPRS International Journal of Geo-Information},
  volume={6},
  number={5},
  pages={140},
  year={2017},
  publisher={Multidisciplinary Digital Publishing Institute}
}

@article{shastry2019using,
  title={Using Steady-State Backwater Analysis to Predict Inundated Area from National Water Model Streamflow Simulations},
  author={Shastry, Apoorva and Egbert, Ryan and Aristizabal, Fernando and Luo, Cehong and Yu, Cheng-Wei and Praskievicz, Sarah},
  journal={JAWRA Journal of the American Water Resources Association},
  volume={55},
  number={4},
  pages={940--951},
  year={2019},

}

@techreport{moore2019user,
  title={User's guide for the national hydrography dataset plus (NHDPlus) high resolution},
  author={Moore, Richard B and McKay, Lucinda D and Rea, Alan H and Bondelid, Timothy R and Price, Curtis V and Dewald, Thomas G and Johnston, Craig M},
  year={2019},
  institution={US Geological Survey}
}

@article{gesch2002national,
  title={The national elevation dataset},
  author={Gesch, Dean and Oimoen, Michael and Greenlee, Susan and Nelson, Charles and Steuck, Michael and Tyler, Dean},
  journal={Photogrammetric engineering and remote sensing},
  volume={68},
  number={1},
  pages={5--32},
  year={2002},
  publisher={ASPRS AMERICAN SOCIETY FOR PHOTOGRAMMETRY AND}
}

@article{heine2012levee,
  title={Levee effects upon flood levels: an empirical assessment},
  author={Heine, Reuben A and Pinter, Nicholas},
  journal={Hydrological Processes},
  volume={26},
  number={21},
  pages={3225--3240},
  year={2012},
  publisher={Wiley Online Library}
}

@article{engineers2016national,
  title={National Levee Database},
  author={ENGINEERS, US ARMY CORPS OF},
  journal={Accessed March},
  year={2016}
}

@inproceedings{survila2016scalable,
  title={A scalable high-performance topographic flow direction algorithm for hydrological information analysis},
  author={Survila, Kornelijus and Li, Ting and Liu, Yan Y and Tarboton, David G and Wang, Shaowen},
  booktitle={Proceedings of the XSEDE16 Conference on Diversity, Big Data, and Science at Scale},
  pages={1--7},
  year={2016}
}

@article{wallis2009parallel,
  title={Parallel flow-direction and contributing area calculation for hydrology analysis in digital elevation models},
  author={Wallis, Chase and Watson, Dan and Tarboton, David and Wallace, Robert},
  journal={power},
  volume={11},
  number={8},
  pages={7},
  year={2009}
}

@article{tarboton1997new,
  title={A new method for the determination of flow directions and upslope areas in grid digital elevation models},
  author={Tarboton, David G},
  journal={Water resources research},
  volume={33},
  number={2},
  pages={309--319},
  year={1997},
  publisher={Wiley Online Library}
}

@article{barnes2014efficient,
  title={An efficient assignment of drainage direction over flat surfaces in raster digital elevation models},
  author={Barnes, Richard and Lehman, Clarence and Mulla, David},
  journal={Computers \& Geosciences},
  volume={62},
  pages={128--135},
  year={2014},
  publisher={Elsevier}
}

@article{baker2006comparison,
  title={Comparison of automated watershed delineations},
  author={Baker, Matthew E and Weller, Donald E and Jordan, Thomas E},
  journal={Photogrammetric Engineering \& Remote Sensing},
  volume={72},
  number={2},
  pages={159--168},
  year={2006},
  publisher={American Society for Photogrammetry and Remote Sensing}
}

@inproceedings{saunders1999preparation,
  title={Preparation of DEMs for use in environmental modeling analysis},
  author={Saunders, William},
  booktitle={ESRI User Conference},
  pages={24--30},
  year={1999}
}

@techreport{saunders1996gis,
  title={A GIS assessment of nonpoint source pollution in the San Antonio-Nueces coastal basin},
  author={Saunders, William Kelley and Maidment, David R},
  year={1996},
  institution={Center for Research in Water Resources, University of Texas at Austin}
}

@article{saunders1995grid,
  title={Grid-based watershed and stream network delineation for the San Antonio-Nueces Coastal Basin},
  author={Saunders, WK and Maidment, DR},
  journal={Proceedings of Texas Water},
  volume={95},
  pages={16--17},
  year={1995}
}

@phdthesis{mizgalewicz1996modeling,
  title={Modeling agrichemical transport in midwest rivers using geographic information systems},
  author={Mizgalewicz, Pawel Jerzy and Maidment, David R},
  year={1996},
  school={Center for Research in Water Resources, University of Texas at Austin}
}

@phdthesis{quenzer1998gis,
  title={A GIS assessment of the total loads and water quality in the Corpus Christi bay system},
  author={Quenzer, Ann Marie and Maidment, David R},
  year={1998},
  school={Center for Research in Water Resources, University of Texas at Austin}
}

@article{soille2003carving,
  title={Carving and adaptive drainage enforcement of grid digital elevation models},
  author={Soille, Pierre and Vogt, J{\"u}rgen and Colombo, Roberto},
  journal={Water resources research},
  volume={39},
  number={12},
  year={2003},
  publisher={Wiley Online Library}
}

@article{orlandini2012evaluation,
  title={Evaluation of flow direction methods against field observations of overland flow dispersion},
  author={Orlandini, Stefano and Moretti, Giovanni and Corticelli, Mauro A and Santangelo, Paolo E and Capra, Alessandro and Rivola, Riccardo and Albertson, John D},
  journal={Water Resources Research},
  volume={48},
  number={10},
  year={2012},
  publisher={Wiley Online Library}
}

@article{seibert2007new,
  title={A new triangular multiple flow direction algorithm for computing upslope areas from gridded digital elevation models},
  author={Seibert, Jan and McGlynn, Brian L},
  journal={Water resources research},
  volume={43},
  number={4},
  year={2007},
  publisher={Wiley Online Library}
}

@article{lindsay2013measuring,
  title={Measuring the significance of a divide to local drainage patterns},
  author={Lindsay, John B and Seibert, Jan},
  journal={International Journal of Geographical Information Science},
  volume={27},
  number={7},
  pages={1453--1468},
  year={2013},
  publisher={Taylor \& Francis}
}

@article{zhou2016efficient,
  title={An efficient variant of the priority-flood algorithm for filling depressions in raster digital elevation models},
  author={Zhou, Guiyun and Sun, Zhongxuan and Fu, Suhua},
  journal={Computers \& Geosciences},
  volume={90},
  pages={87--96},
  year={2016},
  publisher={Elsevier}
}

@techreport{barnes2018richdem,
  title={RichDEM: High-performance terrain analysis},
  author={Barnes, Richard},
  year={2018},
  institution={PeerJ Preprints}
}

@article{barnes2014priority,
  title={Priority-flood: An optimal depression-filling and watershed-labeling algorithm for digital elevation models},
  author={Barnes, Richard and Lehman, Clarence and Mulla, David},
  journal={Computers \& Geosciences},
  volume={62},
  pages={117--127},
  year={2014},
  publisher={Elsevier}
}

@article{jenson1988extracting,
  title={Extracting topographic structure from digital elevation data for geographic information system analysis},
  author={Jenson, Susan K and Domingue, Julia O},
  journal={Photogrammetric engineering and remote sensing},
  volume={54},
  number={11},
  pages={1593--1600},
  year={1988},
  publisher={Maryland}
}

@article{planchon2002fast,
  title={A fast, simple and versatile algorithm to fill the depressions of digital elevation models},
  author={Planchon, Olivier and Darboux, Fr{\'e}d{\'e}ric},
  journal={Catena},
  volume={46},
  number={2-3},
  pages={159--176},
  year={2002},
  publisher={Elsevier}
}

@misc{zhou2015filldem,
  author = {Zhou, Guiyun and Sun, Zhongxuan and Fu, Suhua},
  title = {FillDEM},
  year = {2015},
  publisher = {GitHub},
  journal = {GitHub repository},
  howpublished = {\url{https://github.com/zhouguiyun-uestc/FillDEM}}
}

@manual{python382,
  title={{Python: A dynamic, open source programming language}},
  author={{Python Core Team}},
  organization={{Python Software Foundation}},
  year={2019},
  url={https://www.python.org/},
  note={Python version 3.8.2}
}

@manual{gdal2020,
  title = {{GDAL/OGR} Geospatial Data Abstraction software Library},
  author = {{GDAL/OGR contributors}},
  organization = {Open Source Geospatial Foundation},
  year = {2020},
  url = {https://gdal.org},
  note = {Version 3.1.2}
}

@manual{grass2020,
  title = {Geographic Resources Analysis Support System (GRASS GIS) Software},
  author = {{GRASS Development Team}},
  organization = {Open Source Geospatial Foundation},
  address = {USA},
  year = {2020},
  url = {https://grass.osgeo.org}
}

@article{tange2015gnu,
  title={Gnu parallel-the command-line power tool.; login: The USENIX Magazine, 36 (1): 42--47, Feb 2011},
  author={Tange, Ole},
  journal={URL http://www. gnu. org/s/parallel},
  volume={101},
  year={2015}
}

@misc{amer2021mpich,
  title={MPICH User’s Guide},
  author={Amer, Abdelhalim and Balaji, Pavan and Bland, Wesley and Gropp, William and Guo, Yanfei and Latham, Rob and Lu, Huiwei and Oden, Lena and Pena, Antonio J and Raffenetti, Ken and Seo, Sangmin and others},
  year={2021},
  publisher={Mathematics and Computer Science Division at Argonne National Laboratory},
  note={Version 3.4.1}
}

@article{jordahl2014geopandas,
  title={GeoPandas: Python tools for geographic data},
  author={Jordahl, K},
  journal={URL: https://github. com/geopandas/geopandas},
  year={2014}
} 

@inproceedings{lam2015numba,
  title={Numba: A llvm-based python jit compiler},
  author={Lam, Siu Kwan and Pitrou, Antoine and Seibert, Stanley},
  booktitle={Proceedings of the Second Workshop on the LLVM Compiler Infrastructure in HPC},
  pages={1--6},
  year={2015}
}

@article{o1984extraction,
  title={The extraction of drainage networks from digital elevation data},
  author={O'Callaghan, John F and Mark, David M},
  journal={Computer vision, graphics, and image processing},
  volume={28},
  number={3},
  pages={323--344},
  year={1984},
  publisher={Academic Press}
}

@article{garbrecht1997assignment,
  title={The assignment of drainage direction over flat surfaces in raster digital elevation models},
  author={Garbrecht, Jurgen and Martz, Lawrence W},
  journal={Journal of hydrology},
  volume={193},
  number={1-4},
  pages={204--213},
  year={1997},
  publisher={Elsevier}
}

@inproceedings{tarboton2009generalized,
  title={Generalized terrain-based flow analysis of digital elevation models},
  author={Tarboton, David G and Schreuders, KAT and Watson, DW and Baker, ME},
  booktitle={Proceedings of the 18th world IMACS congress and MODSIM09 international congress on modelling and simulation, Cairns, Australia},
  volume={20002006},
  year={2009},
  organization={Citeseer}
}

@article{tesfa2011extraction,
  title={Extraction of hydrological proximity measures from DEMs using parallel processing},
  author={Tesfa, Teklu K and Tarboton, David G and Watson, Daniel W and Schreuders, Kimberly AT and Baker, Matthew E and Wallace, Robert M},
  journal={Environmental Modelling \& Software},
  volume={26},
  number={12},
  pages={1696--1709},
  year={2011},
  publisher={Elsevier}
}

@misc{cybergis2016,
  author = {Liu, Yan and Yin, Dandong and Gao, Yizaho and Muite, Benson},
  title = {CyberGIS Toolkit},
  year = {2016},
  publisher = {GitHub},
  journal = {GitHub repository},
  howpublished = {\url{https://github.com/cybergis/cybergis-toolkit}}
}
