@inproceedings{bates201630m,
  title={A 30m resolution hydrodynamic model of the entire conterminous United States.},
  author={Bates, Paul D and Neal, Jeffrey C and Smith, Andy and Sampson, C and Johnson, Kris and Wing, Oliver},
  booktitle={AGU Fall Meeting Abstracts},
  volume={2016},
  pages={H13Q--02},
  year={2016}
}

@article{hu2021real,
  title={Real-time flood mapping on client-side web systems using hand model},
  author={Hu, Anson and Demir, Ibrahim},
  journal={Hydrology},
  volume={8},
  number={2},
  pages={65},
  year={2021},
  publisher={MDPI}
}

@article{li2022comprehensive,
  title={A comprehensive web-based system for flood inundation map generation and comparative analysis based on height above nearest drainage},
  author={Li, Zhouyayan and Demir, Ibrahim},
  journal={Science of The Total Environment},
  volume={828},
  pages={154420},
  year={2022},
  publisher={Elsevier}
}

@article{zheng2018geoflood,
  title={GeoFlood: Large-scale flood inundation mapping based on high-resolution terrain analysis},
  author={Zheng, Xing and Maidment, David R and Tarboton, David G and Liu, Yan Y and Passalacqua, Paola},
  journal={Water Resources Research},
  volume={54},
  number={12},
  pages={10--013},
  year={2018},
  publisher={Wiley Online Library}
}

@article{li2023comparative,
  title={Comparative analysis of performance and mechanisms of flood inundation map generation using Height Above Nearest Drainage},
  author={Li, Zhouyayan and Duque, Felipe Quintero and Grout, Trevor and Bates, Bradford and Demir, Ibrahim},
  journal={Environmental Modelling \& Software},
  volume={159},
  pages={105565},
  year={2023},
  publisher={Elsevier}
}

@article{wing2017validation,
  title={Validation of a 30 m resolution flood hazard model of the conterminous U nited S tates},
  author={Wing, Oliver EJ and Bates, Paul D and Sampson, Christopher C and Smith, Andrew M and Johnson, Kris A and Erickson, Tyler A},
  journal={Water Resources Research},
  volume={53},
  number={9},
  pages={7968--7986},
  year={2017},
  publisher={Wiley Online Library}
}

@article{li2022accounting,
  title={Accounting for uncertainty in real-time flood inundation mapping using HAND model: Iowa case study},
  author={Li, Zhouyayan and Mount, Jerry and Demir, Ibrahim},
  journal={Natural Hazards},
  volume={112},
  number={1},
  pages={977--1004},
  year={2022},
  publisher={Springer}
}

@article{afshari2018comparison,
    title={Comparison of new generation low-complexity flood inundation mapping tools with a hydrodynamic model},
    author={Afshari, Shahab and Tavakoly, Ahmad A and Rajib, Mohammad Adnan and Zheng, Xing and Follum, Michael L and Omranian, Ehsan and Fekete, Bal{\'a}zs M},
    journal={Journal of Hydrology},
    volume={556},
    pages={539--556},
    year={2018},
    publisher={Elsevier}
}

@article{papaioannou2016flood,
  title={Flood inundation mapping sensitivity to riverine spatial resolution and modelling approach},
  author={Papaioannou, G and Loukas, A and Vasiliades, L and Aronica, GT},
  journal={Natural Hazards},
  volume={83},
  pages={117--132},
  year={2016},
  publisher={Springer}
}

@incollection{mcgehee2016modified,
    booktitle={National Water Center Innovators Program Summer Institute Report 2016},
    editor={Maidment, David R and Rajib, Adnan and Lin, Peirong and Clark, Edward P},
    journal={Research Summary},
    volume={4},
    year={2016},
    title={The Modified HAND Method},
    author={McGehee, Ryan and Li, Lingcheng and Poston, Emily}
}

@article{zhang2018comparative,
    title={Comparative analysis of inundation mapping approaches for the 2016 flood in the Brazos River, Texas},
    author={Zhang, Jiaqi and Huang, Yu-Fen and Munasinghe, Dinuke and Fang, Zheng and Tsang, Yin-Phan and Cohen, Sagy},
    journal={JAWRA Journal of the American Water Resources Association},
    volume={54},
    number={4},
    pages={820--833},
    year={2018},
    publisher={Wiley Online Library}
}

@article{shastry2019using,
  title={Using Steady-State Backwater Analysis to Predict Inundated Area from National Water Model Streamflow Simulations},
  author={Shastry, Apoorva and Egbert, Ryan and Aristizabal, Fernando and Luo, Cehong and Yu, Cheng-Wei and Praskievicz, Sarah},
  journal={JAWRA Journal of the American Water Resources Association},
  volume={55},
  number={4},
  pages={940--951},
  year={2019},

}

@article{follum2017autorapid,
  title={AutoRAPID: a model for prompt streamflow estimation and flood inundation mapping over regional to continental extents},
  author={Follum, Michael L and Tavakoly, Ahmad A and Niemann, Jeffrey D and Snow, Alan D},
  journal={JAWRA Journal of the American Water Resources Association},
  volume={53},
  number={2},
  pages={280--299},
  year={2017},
  publisher={Wiley Online Library}
}

@inproceedings{aristizabal2021mapping,
  title={Mapping Fluvial Inundation Extents with Graph Signal Filtering of River Depths Determined from Unsupervised Clustering of Synthetic Aperture Radar Imagery},
  author={Aristizabal, Fernando and Judge, Jasmeet},
  booktitle={2021 IEEE International Geoscience and Remote Sensing Symposium IGARSS},
  pages={6124--6127},
  year={2021},
  organization={IEEE}
}

@article{rahimzadeh2019evaluating,
  title={Evaluating flood extent mapping of two hydraulic models, 1D HEC-RAS and 2D LISFLOOD-FP in comparison with aerial imagery observations in Gorgan flood plain, Iran},
  author={Rahimzadeh, Omid and Bahremand, Abdolreza and Noura, Nader and Mukolwe, Micah},
  journal={Natural resource modeling},
  volume={32},
  number={4},
  pages={e12214},
  year={2019},
  publisher={Wiley Online Library}
}

@article{amarnath2015modelling,
  title={Modelling the flood-risk extent using LISFLOOD-FP in a complex watershed: case study of Mundeni Aru River Basin, Sri Lanka},
  author={Amarnath, Giriraj and Umer, Yakob Mohammed and Alahacoon, Niranga and Inada, Yoshiaki},
  journal={Proceedings of the International Association of Hydrological Sciences},
  volume={370},
  number={370},
  pages={131--138},
  year={2015},
  publisher={Copernicus GmbH G{\"o}ttingen, Germany}
}

@article{wood2016calibration,
  title={Calibration of channel depth and friction parameters in the LISFLOOD-FP hydraulic model using medium-resolution SAR data and identifiability techniques},
  author={Wood, Melissa and Hostache, Renaud and Neal, Jeffrey and Wagener, Thorsten and Giustarini, Laura and Chini, Marco and Corato, Giovani and Matgen, Patrick and Bates, Paul},
  journal={Hydrology and Earth System Sciences},
  volume={20},
  number={12},
  pages={4983--4997},
  year={2016},
  publisher={Copernicus GmbH}
}

@article{hooker2022spatial,
  title={Spatial scale evaluation of forecast flood inundation maps},
  author={Hooker, Helen and Dance, Sarah L and Mason, David C and Bevington, John and Shelton, Kay},
  journal={Journal of Hydrology},
  volume={612},
  pages={128170},
  year={2022},
  publisher={Elsevier}
}

@article{tansar2020flood,
  title={Flood inundation modeling and hazard assessment in Lower Ping River Basin using MIKE FLOOD},
  author={Tansar, Husnain and Babur, Muhammad and Karnchanapaiboon, Surchai Lai},
  journal={Arabian Journal of Geosciences},
  volume={13},
  pages={1--16},
  year={2020},
  publisher={Springer}
}

@article{garousi2019terrain,
    title={Terrain analysis enhancements to the height above nearest drainage flood inundation mapping method},
    author={Garousi-Nejad, Irene and Tarboton, David G and Aboutalebi, Mahyar and Torres-Rua, Alfonso F},
    journal={Water Resources Research},
    volume={55},
    number={10},
    pages={7983--8009},
    year={2019},
    publisher={Wiley Online Library}
}

@article{nobre2016hand,
    title={HAND contour: a new proxy predictor of inundation extent},
    author={Nobre, Antonio Donato and Cuartas, Luz Adriana and Momo, Marcos Rodrigo and Severo, Dirceu Lu{\'\i}s and Pinheiro, Adilson and Nobre, Carlos Afonso},
    journal={Hydrological Processes},
    volume={30},
    number={2},
    pages={320--333},
    year={2016},
    publisher={Wiley Online Library}
}


@article{maidment2017conceptual,
    author = {Maidment, David R.},
    title = {Conceptual Framework for the National Flood Interoperability Experiment},
    journal = {JAWRA Journal of the American Water Resources Association},
    volume = {53},
    number = {2},
    pages = {245-257},
    keywords = {flooding, surface water hydrology, data management, geospatial analysis, simulation, decision support system, National Hydrography Dataset (NHD), NHDPlus},
    doi = {10.1111/1752-1688.12474},
    url = {https://onlinelibrary.wiley.com/doi/abs/10.1111/1752-1688.12474},
    eprint = {https://onlinelibrary.wiley.com/doi/pdf/10.1111/1752-1688.12474},
    year = {2017}
}

@article{li2020evaluation,
  title={Evaluation of Model Parameters of HAND Model for Real-Time Flood Inundation Mapping: Iowa Case Study},
  author={Li, Zhouyayan and Mount, Jerry and Demir, Ibrahim},
  journal={EarthArXiv. July},
  volume={1},
  year={2020}
}
