@article{cook2009effect,
  title={Effect of topographic data, geometric configuration and modeling approach on flood inundation mapping},
  author={Cook, Aaron and Merwade, Venkatesh},
  journal={Journal of hydrology},
  volume={377},
  number={1-2},
  pages={131--142},
  year={2009},
  publisher={Elsevier}
}

@inproceedings{rajib2016large,
  title={Large scale high resolution flood inundation mapping in near real-time},
  author={Rajib, Adnan and Merwade, Venkatesh and Liu, Zhu},
  booktitle={Proceedings of the 40th Anniversary of the Association of State Flood Plain Managers National Conference, Gran Rapids, MI, USA},
  pages={19--24},
  year={2016}
}

@article{zheng2018geoflood,
  title={GeoFlood: Large-scale flood inundation mapping based on high-resolution terrain analysis},
  author={Zheng, Xing and Maidment, David R and Tarboton, David G and Liu, Yan Y and Passalacqua, Paola},
  journal={Water Resources Research},
  volume={54},
  number={12},
  pages={10--013},
  year={2018},
  publisher={Wiley Online Library}
}

@article{afshari2018comparison,
  title={Comparison of new generation low-complexity flood inundation mapping tools with a hydrodynamic model},
  author={Afshari, Shahab and Tavakoly, Ahmad A and Rajib, Mohammad Adnan and Zheng, Xing and Follum, Michael L and Omranian, Ehsan and Fekete, Bal{\'a}zs M},
  journal={Journal of Hydrology},
  volume={556},
  pages={539--556},
  year={2018},
  publisher={Elsevier}
}

@article{follum2017autorapid,
  title={AutoRAPID: a model for prompt streamflow estimation and flood inundation mapping over regional to continental extents},
  author={Follum, Michael L and Tavakoly, Ahmad A and Niemann, Jeffrey D and Snow, Alan D},
  journal={JAWRA Journal of the American Water Resources Association},
  volume={53},
  number={2},
  pages={280--299},
  year={2017},
  publisher={Wiley Online Library}
}

@article{criss2022stage,
  title={Stage-based flood inundation mapping},
  author={Criss, Robert E and Nelson, David L},
  journal={Natural Hazards},
  pages={1--17},
  year={2022},
  publisher={Springer}
}

@article{wing2017validation,
  title={Validation of a 30 m resolution flood hazard model of the conterminous U nited S tates},
  author={Wing, Oliver EJ and Bates, Paul D and Sampson, Christopher C and Smith, Andrew M and Johnson, Kris A and Erickson, Tyler A},
  journal={Water Resources Research},
  volume={53},
  number={9},
  pages={7968--7986},
  year={2017},
  publisher={Wiley Online Library}
}

