@article{doocy2013human,
  title={The human impact of floods: a historical review of events 1980-2009 and systematic literature review},
  author={Doocy, Shannon and Daniels, Amy and Murray, Sarah and Kirsch, Thomas D},
  journal={PLoS currents},
  volume={5},
  year={2013},
  publisher={Public Library of Science}
}

@techreport{arundel20151,
  title={1-meter digital elevation model specification},
  author={Arundel, Samantha T and Archuleta, Christy-Ann M and Phillips, Lori A and Roche, Brittany L and Constance, Eric W},
  year={2015},
  institution={US Geological Survey}
}

@article{mallakpour2015changing,
    title={The changing nature of flooding across the central United States},
    author={Mallakpour, Iman and Villarini, Gabriele},
    journal={Nature Climate Change},
    volume={5},
    number={3},
    pages={250--254},
    year={2015},
    publisher={Nature Publishing Group}
}

@article{downton2005reanalysis,
    title={Reanalysis of US National Weather Service flood loss database},
    author={Downton, Mary W and Miller, J Zoe Barnard and Pielke Jr, Roger A},
    journal={Natural Hazards Review},
    volume={6},
    number={1},
    pages={13--22},
    year={2005},
    publisher={American Society of Civil Engineers}
}

@article{kunkel1999temporal,
    title={Temporal fluctuations in weather and climate extremes that cause economic and human health impacts: A review},
    author={Kunkel, Kenneth E and Pielke Jr, Roger A and Changnon, Stanley A},
    journal={Bulletin of the American Meteorological Society},
    volume={80},
    number={6},
    pages={1077--1098},
    year={1999},
    publisher={American Meteorological Society}
}

@article{pielke2000precipitation,
    title={Precipitation and damaging floods: Trends in the United States, 1932--97},
    author={Pielke Jr, Roger A and Downton, Mary W},
    journal={Journal of climate},
    volume={13},
    number={20},
    pages={3625--3637},
    year={2000}
}

@article{corringham2019effect,
    title={The effect of El Ni{\~n}o on flood damages in the western United States},
    author={Corringham, Thomas W and Cayan, Daniel R},
    journal={Weather, Climate, and Society},
    volume={11},
    number={3},
    pages={489--504},
    year={2019}
}

@article{smiley2021social,
  title={Social Inequalities in Climate Change-Attributed Impacts of Hurrican Harvey},
  author={Smiley, Kevin T and Noy, Ilan and Wehner, Michael and Frame, Dave and Sampson, Chris and Wing, Oliver E},
  year={2021},
  publisher={CESifo Working Paper}
}

@article{kahn2005death,
  title={The death toll from natural disasters: the role of income, geography, and institutions},
  author={Kahn, Matthew E},
  journal={Review of economics and statistics},
  volume={87},
  number={2},
  pages={271--284},
  year={2005},
  publisher={MIT Press 238 Main St., Suite 500, Cambridge, MA 02142-1046, USA journals~…}
}

@article{stromberg2007natural,
  title={Natural disasters, economic development, and humanitarian aid},
  author={Str{\"o}mberg, David},
  journal={Journal of Economic perspectives},
  volume={21},
  number={3},
  pages={199--222},
  year={2007}
}

@article{jonkman2005global,
  title={Global perspectives on loss of human life caused by floods},
  author={Jonkman, Sebastiaan N},
  journal={Natural hazards},
  volume={34},
  number={2},
  pages={151--175},
  year={2005},
  publisher={Springer}
}

@book{beinin2012medical,
  title={Medical consequences of natural disasters},
  author={Beinin, Lazar},
  year={2012},
  publisher={Springer Science \& Business Media}
}

@article{alajo2006cholera,
  title={Cholera in endemic districts in Uganda during El Ni{\~n}o rains: 2002--2003},
  author={Alajo, Scholastica O and Nakavuma, Jessica and Erume, Joseph},
  journal={African health sciences},
  volume={6},
  number={2},
  pages={93--97},
  year={2006}
}

@inproceedings{berz2000flood,
  title={Flood disasters: lessons from the past—worries for the future},
  author={Berz, Gerhard},
  booktitle={Proceedings of the institution of civil engineers-water and maritime engineering},
  volume={142},
  number={1},
  pages={3--8},
  year={2000},
  organization={Thomas Telford Ltd}
}

@article{french1983mortality,
  title={Mortality from flash floods: a review of national weather service reports, 1969-81.},
  author={French, Jean and Ing, Roy and Von Allmen, Stephen and Wood, Richard},
  journal={Public Health Reports},
  volume={98},
  number={6},
  pages={584},
  year={1983},
  publisher={SAGE Publications}
}

@article{wing2018estimates,
    title={Estimates of present and future flood risk in the conterminous United States},
    author={Wing, Oliver EJ and Bates, Paul D and Smith, Andrew M and Sampson, Christopher C and Johnson, Kris A and Fargione, Joseph and Morefield, Philip},
    journal={Environmental Research Letters},
    volume={13},
    number={3},
    pages={034023},
    year={2018},
    publisher={IOP Publishing}
}

@article{milly2002increasing,
    title={Increasing risk of great floods in a changing climate},
    author={Milly, P Christopher D and Wetherald, Richard T and Dunne, KA and Delworth, Thomas L},
    journal={Nature},
    volume={415},
    number={6871},
    pages={514--517},
    year={2002},
    publisher={Nature Publishing Group}
}

@article{tabari2020climate,
    author={Tabari, Hossein},
    title={Climate change impact on flood and extreme precipitation increases with water availability},
    journal={Scientific Reports},
    year={2020},
    volume={10},
    number={1},
    pages={13768},
    issn={2045-2322},
    doi={10.1038/s41598-020-70816-2},
    url={https://doi.org/10.1038/s41598-020-70816-2}
}

@article{tellman2021satellite,
  title={Satellite imaging reveals increased proportion of population exposed to floods},
  author={Tellman, B and Sullivan, JA and Kuhn, C and Kettner, AJ and Doyle, CS and Brakenridge, GR and Erickson, TA and Slayback, DA},
  journal={Nature},
  volume={596},
  number={7870},
  pages={80--86},
  year={2021},
  publisher={Nature Publishing Group}
}

